	
	% Some general examples of bibliography entries
	@book{Hellerstein2004,
		author = {Hellerstein, Joseph L. and Diao, Yixin and Parekh, Sujay and Tilbury, Dawn M.},
		title = {Feedback Control of Computing Systems},
		year = {2004},
		isbn = {047126637X},
		publisher = {John Wiley \& Sons},
	} 
	
	@inproceedings{Yun2015,
		author = {Yun, Se-Young and Proutiere, Alexandre},
		title = {Distributed Proportional Fair Load Balancing in Heterogenous Systems},
		booktitle = {Proceedings of the 2015 ACM SIGMETRICS International Conference on Measurement and Modeling of Computer Systems},
		series = {SIGMETRICS '15},
		year = {2015},
		isbn = {978-1-4503-3486-0},
		location = {Portland, Oregon, USA},
		pages = {17--30},
		numpages = {14},
		doi = {10.1145/2745844.2745861},
		acmid = {2745861},
		publisher = {ACM},
		address = {New York, NY, USA},
		keywords = {distributed scheduling, game theory, load balancing, stability},
	}
	
	@article{openclosed2,
		author = {Alomari, Firas and Menasce, Daniel A.},
		title = {Efficient Response Time Approximations for Multiclass Fork and Join Queues in Open and Closed Queuing Networks},
		journal = {IEEE Trans. Parallel Distrib. Syst.},
		issue_date = {June 2014},
		volume = {25},
		number = {6},
		month = jun,
		year = {2014},
		issn = {1045-9219},
		pages = {1437--1446},
		numpages = {10},
		doi = {10.1109/TPDS.2013.70},
		acmid = {2707624},
		publisher = {IEEE Press},
		address = {Piscataway, NJ, USA},
	}
	
	% Useful latex references
	@article{IEEETranLatex,
		author = {Michael Shell},
		title = {How to Use the IEEEtran \LaTeX\ Class},
		journaltitle = {Journal of \LaTeX\ Class Files},
		date = {August 2015},
		volume = {14},
		number = {8},
	}
		
	@online{latexwiki,
		title = {General \LaTeX\ Guide},
		urldate = {2017-10-29},
		url = {https://en.wikibooks.org/wiki/LaTeX},
	}
	
	@online{mathslatexwiki,
		title = {\LaTeX\ Guide for Maths},
		urldate = {2017-10-29},
		url = {https://en.wikibooks.org/wiki/LaTeX/Mathematics},
	}
	
	@online{tablelatexwiki,
		title = {\LaTeX\ Guide for Tables},
		urldate = {2017-10-29},
		url = {https://en.wikibooks.org/wiki/LaTeX/Tables},
	}

    @book{2efe5c5060d9449683ba4bc412e9acef,
        title = "Modelling the Furuta Pendulum",
        abstract = "This report presents a derivation of the Furuta pendulum dynamics using the Euler-Lagrange equations. ",
        author = "Magnus G{\"a}fvert",
        year = "1998",
        language = "English",
        series = "Technical Reports TFRT-7574",
        publisher = "Department of Automatic Control, Lund Institute of Technology (LTH)",
    }

    @article{10.1038/nature24270, 
year = {2017}, 
title = {{Mastering the game of Go without human knowledge}}, 
author = {Silver, David and Schrittwieser, Julian and Simonyan, Karen and Antonoglou, Ioannis and Huang, Aja and Guez, Arthur and Hubert, Thomas and Baker, Lucas and Lai, Matthew and Bolton, Adrian and Chen, Yutian and Lillicrap, Timothy and Hui, Fan and Sifre, Laurent and Driessche, George van den and Graepel, Thore and Hassabis, Demis}, 
journal = {Nature}, 
issn = {0028-0836}, 
doi = {10.1038/nature24270}, 
pages = {354--359}, 
number = {7676}, 
volume = {550}
}

@misc{Tian2020Reinforcement,
  author       = {Jun Tian and other contributors},
  title        = {ReinforcementLearning.jl: A Reinforcement Learning Package for the Julia Programming Language},
  year         = 2020,
  url          = {https://github.com/JuliaReinforcementLearning/ReinforcementLearning.jl}
}

@misc{Laurent2020AlphaZero,
  author = {Jonathan Laurent},
  title = {AlphaZero.jl: A generic, simple and fast AlphaZero implementation},
  year = {2021},
  publisher = {GitHub},
  journal = {GitHub repository},
  howpublished = {\url{https://github.com/jonathan-laurent/AlphaZero.jl}},
}

@article{rackauckas2017differentialequations,
  title={Differential{E}quations.jl--a performant and feature-rich ecosystem for solving differential equations in {J}ulia},
  author={Rackauckas, Christopher and Nie, Qing},
  journal={Journal of Open Research Software},
  volume={5},
  number={1},
  year={2017},
  publisher={Ubiquity Press}
}

@inproceedings{fujimoto2018addressing,
  title={Addressing function approximation error in actor-critic methods},
  author={Fujimoto, Scott and Hoof, Herke and Meger, David},
  booktitle={International conference on machine learning},
  pages={1587--1596},
  year={2018},
  organization={PMLR}
}

@article{lillicrap2015continuous,
  title={Continuous control with deep reinforcement learning},
  author={Lillicrap, Timothy P and Hunt, Jonathan J and Pritzel, Alexander and Heess, Nicolas and Erez, Tom and Tassa, Yuval and Silver, David and Wierstra, Daan},
  journal={ICLR 2016},
  year={2015}
}